<?xml version="1.0" encoding="UTF-8"?><collection xmlns="http://www.loc.gov/MARC21/slim"><record><leader>00366nam--2200133-i-4500</leader><controlfield tag="001">000047478</controlfield><controlfield tag="002">20161230</controlfield><controlfield tag="005">20161230201046</controlfield><controlfield tag="008">060222s1000------------r-----000-0-eng-d</controlfield><datafield ind1=" " ind2=" " tag="080"><subfield code="a">547</subfield></datafield><datafield ind1=" " ind2=" " tag="100"><subfield code="a">Wiestead,Meldrum B</subfield></datafield><datafield ind1=" " ind2=" " tag="245"><subfield code="a">Organic chemistry,structural problems + answer sectiion</subfield></datafield><datafield ind1=" " ind2=" " tag="260"><subfield code="a">Philadelphia, Sadtler Research Lab.Inc.,1968. 258 P</subfield></datafield><datafield ind1=" " ind2=" " tag="852"><subfield code="a">35568</subfield></datafield></record></collection>